@article{Cardano.S,
	title={Vita di gerolamo cardano(1501-1576)},
	author={Scarani , P},
	journal={Out of control:},
	pages={565-574},
	volume={93},
	year={2001},
	publisher={Pathologica},
}